@techreport{panichella:1,
	Author = {Panichella, S. and Di Sorbo, A. and Guzman, E. and Visaggio, C. A. and Canfora, G. and Gall, H. C.},
	Institution = {University of Zurich, Switzerland and University of Sannio, Benevento, Italy and Technische Universit\"at M\"unchen, Garching, Germany},
	Title = {How can I improve my app?,Classifying use reviews for software maintenance and evolution},
	Year = {2015}}

@techreport{guzman:2,
	Author = {Guzman, E. and Maalcj, W.},
	Institution = {Technische Universit\"at M\"unchen, Garching, Germany and University of Hamburg, Hamburg, Germany},
	Title = {How do users like this feature? A fine grained sentiment analysis of app reviews},
	Year = {2014}}
	
@techreport{chen:3,
	Author = {Chen, N. and Lin, J. and Hoi, S. and Xiao, X. and Zhang, B.},
	Institution = {Singapore Management University},
	Title = {AR-Miner: Mining Informative Reviews for Developers from Mobile App Marketplace},
	Year = {2014}}
	
	@inproceedings{Krusche2014,
 author = {Krusche, Stephan and Bruegge, Bernd},
 title = {User Feedback in Mobile Development},
 booktitle = {Proceedings of the 2Nd International Workshop on Mobile Development Lifecycle},
 series = {MobileDeLi '14},
 year = {2014},
 isbn = {978-1-4503-2190-7},
 location = {Portland, Oregon, USA},
 pages = {25--26},
 numpages = {2},
 url = {http://doi.acm.org/10.1145/2688412.2688420},
 doi = {10.1145/2688412.2688420},
 acmid = {2688420},
 publisher = {ACM},
 address = {New York, NY, USA},
 keywords = {agile methods, communication models, continuous delivery, executable prototypes, feedback, release management, user involvement},
} 


@inproceedings{Licorish2015,
   author = {Licorish, Sherlock A. and Tehir, Amjed and Bosu, Micheal Franklin and MacDonell, Stephen G.},
   title = {On Satisfying the Android OS Community: User Feedback Still Central to Developers' Portfolios},
   booktitle = {2015 24th Australasian Software Engineering Conference (ASWEC},
   year = {2015},
   pages = {78-87},
   doi = {doi:10.1109/ASWEC.2015.19},
}


@inproceedings{PaganoRE2013,
  added-at = {2014-09-30T00:00:00.000+0200},
  author = {Pagano, Dennis and Maalej, Walid},
  biburl = {http://www.bibsonomy.org/bibtex/222a6261d829b29f0e99e3278db57a0b6/dblp},
  booktitle = {In Proceedings of the 21st IEEE International Requirements Engineering Conference (RE 2013)},
  ee = {http://doi.ieeecomputersociety.org/10.1109/RE.2013.6636712},
  interhash = {514b707265fefe9eb818bdce3428b833},
  intrahash = {22a6261d829b29f0e99e3278db57a0b6},
  isbn = {978-1-4673-5765-4},
  keywords = {dblp},
  pages = {125-134},
  publisher = {IEEE Computer Society},
  timestamp = {2015-06-18T22:18:33.000+0200},
  title = {User feedback in the appstore: An empirical study.},
  url = {http://dblp.uni-trier.de/db/conf/re/re2013.html#PaganoM13},
  year = 2013
}

@techreport{maalej:4,
	Author = {Maalej, W. and Nabil, H.},
	Institution = {University of Hamburg, Hamburg, Germany},
	Title = {Bug Report, Feature Request, or Simply Praise? On Automatically Classifying App Reviews},
	Year = {2015}}

@techreport{gu:5,
	Author = {Gu, X. and Kim, S.},
	Institution = {The Hong Kong University of Science and Technology, Hong Kong},
	Title = {What parts of your apps are loved by users?},
	Year = {2015}}
	
@techreport{palomba:7,
	Author = {Palomba, F. and Linares-Vasquez, M. and Bavota, G. and Oliveto, R. and Di Penta, M. and Poshyvanyk, D. and De Lucia, A.},
	Institution = {University of Salerno, Fisciano (SA), Italy and The College of William and Mary, VA, USA and  University of Sannio, Benevento, Italy and University of Sannio, Benevento, Italy},
	Title = {User Reviews Matter! Tracking Crowdsourced Reviews to Support Evolution of Successful Apps},
	Year = {2015}}
	
@techreport{seyff:7,
	Author = {Seyff, N. and Ollmann, G. and Bortenschlager, M.},
	Institution = {University of Zurich, Zurich, Switzerland and IWA Technologies Inc. Linz, Austria and 3scale, Barcelona, Spain},
	Title = {AppEcho: A User-Driven, In Situ Feedback Approach for Mobile Platforms and Applications},
	Year = {2015}}
	
@techreport{Bernstein:8,
	Author = {Abraham Bernstein},
	Institution = {Dynamic and Distribution Information System Group, University of Zurich},
	Title = {So what is a (Diploma) Thesis? A few thoughts for first-timers},
	Year = {2005}}


@INPROCEEDINGS{GuzmanRE2014, 
author={Guzman, E. and Maalej, W.}, 
booktitle={Requirements Engineering Conference (RE), 2014 IEEE 22nd International}, 
title={How Do Users Like This Feature? A Fine Grained Sentiment Analysis of App Reviews}, 
year={2014}, 
pages={153-162}, 
keywords={Internet;feature extraction;formal specification;information filtering;natural language processing;Apple App Store;Google Play Store;app developers;app reviews;app stores;downloaded apps;features extraction;fine grained sentiment analysis;fine-grained app features;natural language processing techniques;peer-conducted analysis;requirements evolution tasks;star ratings;text reviews;topic modeling techniques;user feedback;user requirements;user reviews aggregate;user reviews analyze;user reviews filter;user sentiments;Dictionaries;Educational institutions;Encoding;Feature extraction;Google;Manuals;Sentiment analysis}, 
doi={10.1109/RE.2014.6912257}, 
month={Aug},
}

@inproceedings{ChenICSE2014,
 author = {Chen, Ning and Lin, Jialiu and Hoi, Steven C. H. and Xiao, Xiaokui and Zhang, Boshen},
 title = {AR-Miner: Mining Informative Reviews for Developers from Mobile App Marketplace},
 booktitle = {Proceedings of the 36th International Conference on Software Engineering},
 series = {ICSE 2014},
 year = {2014},
 isbn = {978-1-4503-2756-5},
 location = {Hyderabad, India},
 pages = {767--778},
 numpages = {12},
 url = {http://doi.acm.org/10.1145/2568225.2568263},
 doi = {10.1145/2568225.2568263},
 acmid = {2568263},
 publisher = {ACM},
 address = {New York, NY, USA},
 keywords = {User feedback, data mining, mobile application, user reviews},
} 

@article{Vu2015,
  author    = {Phong Minh Vu and
               Tam The Nguyen and
               Hung Viet Pham and
               Tung Thanh Nguyen},
  title     = {Mining User Opinions in Mobile App Reviews: {A} Keyword-based Approach},
  journal   = {CoRR},
  volume    = {abs/1505.04657},
  year      = {2015},
  url       = {http://arxiv.org/abs/1505.04657},
  timestamp = {Mon, 01 Jun 2015 14:13:54 +0200},
  biburl    = {http://dblp.uni-trier.de/rec/bib/journals/corr/VuNPN15},
  bibsource = {dblp computer science bibliography, http://dblp.org}
}

@INPROCEEDINGS{PalombaICSME2015, 
author={Palomba, F. and Linares-Vasquez, M. and Bavota, G. and Oliveto, R. and Di Penta, M. and Poshyvanyk, D. and De Lucia, A.}, 
booktitle={Software Maintenance and Evolution (ICSME), 2015 IEEE International Conference on}, 
title={User reviews matter! Tracking crowdsourced reviews to support evolution of successful apps}, 
year={2015}, 
pages={291-300}, 
keywords={mobile computing;recommender systems;source code (software);Android apps;CRISTAL;app stores;crowd request;crowdsourced review tracking;informative crowd review tracing;mobile apps;ratings;source code change;specialized recommendation systems;user reaction;user review;Androids;Entropy;Feature extraction;Humanoid robots;Joining processes;Monitoring;Planning}, 
doi={10.1109/ICSM.2015.7332475}, 
month={Sept},}

@inproceedings{Fu2013,
 author = {Fu, Bin and Lin, Jialiu and Li, Lei and Faloutsos, Christos and Hong, Jason and Sadeh, Norman},
 title = {Why People Hate Your App: Making Sense of User Feedback in a Mobile App Store},
 booktitle = {Proceedings of the 19th ACM SIGKDD International Conference on Knowledge Discovery and Data Mining},
 series = {KDD '13},
 year = {2013},
 isbn = {978-1-4503-2174-7},
 location = {Chicago, Illinois, USA},
 pages = {1276--1284},
 numpages = {9},
 url = {http://doi.acm.org/10.1145/2487575.2488202},
 doi = {10.1145/2487575.2488202},
 acmid = {2488202},
 publisher = {ACM},
 address = {New York, NY, USA},
 keywords = {mobile app market, sentiment analysis, text mining, topic model, user rating and comments},
} 


@article{HallSIGKDD2009,
 author = {Hall, Mark and Frank, Eibe and Holmes, Geoffrey and Pfahringer, Bernhard and Reutemann, Peter and Witten, Ian H.},
 title = {The WEKA Data Mining Software: An Update},
 journal = {SIGKDD Explor. Newsl.},
 issue_date = {June 2009},
 volume = {11},
 number = {1},
 month = nov,
 year = {2009},
 issn = {1931-0145},
 pages = {10--18},
 numpages = {9},
 url = {http://doi.acm.org/10.1145/1656274.1656278},
 doi = {10.1145/1656274.1656278},
 acmid = {1656278},
 publisher = {ACM},
 address = {New York, NY, USA},
}

@inproceedings{YangSEKE2015,
  author = {Yang, Hui and Liang, Peng },
  title = {Identification and Classification of Requirements from App User Reviews},
  booktitle = {Proceedings of the 27th International Conference on Software Engineering and Knowledge Engineering (SEKE)},
  year = 2015,
  publisher = {Knowledge Systems Institute},
  doi= {http://dx.doi.org/10.18293/SEKE2015-063},
  pages = {7--12},
  pdf= {yang2015icr.pdf},
  liangdirection = {RequEngi}
}

@article{Abelein2013,
author = {Ulrike Abelein and Helen Sharp and Barbara Paech},
title = {Does Involving Users in Software Development Really Influence System Success?},
journal ={IEEE Software},
volume = {30},
number = {6},
issn = {0740-7459},
year = {2013},
pages = {17-23},
doi = {http://doi.ieeecomputersociety.org/10.1109/MS.2013.124},
publisher = {IEEE Computer Society},
address = {Los Alamitos, CA, USA},
}

@INPROCEEDINGS{Ha2013, 
author={Ha, E. and Wagner, D.}, 
booktitle={Consumer Communications and Networking Conference (CCNC), 2013 IEEE}, 
title={Do Android users write about electric sheep? Examining consumer reviews in Google Play}, 
year={2013}, 
pages={149-157}, 
keywords={consumer behaviour;data privacy;electronic commerce;mobile computing;operating systems (computers);risk analysis;Android users;Google Play applications;application markets;consumer reviews;e-commerce sites;electric sheep;phone model;privacy risks;security risks;star ratings;tablet model;Companies;Educational institutions;Google;Privacy;Security;Smart phones;Writing;Applications;Google Play;Reviews;Social Implications of Technology}, 
doi={10.1109/CCNC.2013.6488439}, 
month={Jan},}

@article{Khalid2015,
  author    = {Hammad Khalid and
               Emad Shihab and
               Meiyappan Nagappan and
               Ahmed E. Hassan},
  title     = {What Do Mobile App Users Complain About?},
  journal   = {{IEEE} Software},
  volume    = {32},
  number    = {3},
  pages     = {70--77},
  year      = {2015},
  url       = {http://dx.doi.org/10.1109/MS.2014.50},
  doi       = {10.1109/MS.2014.50},
  timestamp = {Tue, 12 Jan 2016 12:01:51 +0100},
  biburl    = {http://dblp.uni-trier.de/rec/bib/journals/software/KhalidSNH15},
  bibsource = {dblp computer science bibliography, http://dblp.org}
}

@inproceedings{Oh2013,
 author = {Oh, Jeungmin and Kim, Daehoon and Lee, Uichin and Lee, Jae-Gil and Song, Junehwa},
 title = {Facilitating Developer-user Interactions with Mobile App Review Digests},
 booktitle = {CHI '13 Extended Abstracts on Human Factors in Computing Systems},
 series = {CHI EA '13},
 year = {2013},
 isbn = {978-1-4503-1952-2},
 location = {Paris, France},
 pages = {1809--1814},
 numpages = {6},
 url = {http://doi.acm.org/10.1145/2468356.2468681},
 doi = {10.1145/2468356.2468681},
 acmid = {2468681},
 publisher = {ACM},
 address = {New York, NY, USA},
 keywords = {app review, comment classification, mobile apps, user involvements, user-centered design},
} 

@inproceedings{MorenoFSE2014,
 author = {Moreno, Laura and Bavota, Gabriele and Di Penta, Massimiliano and Oliveto, Rocco and Marcus, Andrian and Canfora, Gerardo},
 title = {Automatic Generation of Release Notes},
 booktitle = {Proceedings of the 22Nd ACM SIGSOFT International Symposium on Foundations of Software Engineering},
 series = {FSE 2014},
 year = {2014},
 isbn = {978-1-4503-3056-5},
 location = {Hong Kong, China},
 pages = {484--495},
 numpages = {12},
 url = {http://doi.acm.org/10.1145/2635868.2635870},
 doi = {10.1145/2635868.2635870},
 acmid = {2635870},
 publisher = {ACM},
 address = {New York, NY, USA},
 keywords = {Release notes, Software documentation, Software evolution},
}


@inproceedings{Vithani2014,
  author = {Vithani, Tejas},
  title = {Modeling the Mobile Application Development Lifecycle},
  booktitle = {Proceedings of the International MultiConference of Engineers and Computer Scientists 2014, Vol. I},
  series = {IMECS 2014},
  year = {2014},
  location = {Hong Kong},
  pages = {596-600},
}

@ARTICLE{Inukollu2014,
   author = {{Inukollu}, V.~N. and {Keshamoni}, D.~D. and {Kang}, T. and 
	{Inukollu}, M.},
    title = "{Factors Influencing Quality of Mobile Apps:Role of Mobile App Development Life Cycle}",
  journal = {ArXiv e-prints},
archivePrefix = "arXiv",
   eprint = {1410.4537},
 primaryClass = "cs.SE",
 keywords = {Computer Science - Software Engineering},
     year = 2014,
    month = oct,
   adsurl = {http://adsabs.harvard.edu/abs/2014arXiv1410.4537I},
  adsnote = {Provided by the SAO/NASA Astrophysics Data System}
}

@inproceedings{GalvisCarrenoICSE2013,
 author = {Galvis Carre\~{n}o, Laura V. and Winbladh, Kristina},
 title = {Analysis of User Comments: An Approach for Software Requirements Evolution},
 booktitle = {Proceedings of the 2013 International Conference on Software Engineering},
 series = {ICSE '13},
 year = {2013},
 isbn = {978-1-4673-3076-3},
 location = {San Francisco, CA, USA},
 pages = {582--591},
 numpages = {10},
 url = {http://dl.acm.org/citation.cfm?id=2486788.2486865},
 acmid = {2486865},
 publisher = {IEEE Press},
 address = {Piscataway, NJ, USA},
} 

@article{Miller1995,
 author = {Miller, George A.},
 title = {WordNet: A Lexical Database for English},
 journal = {Commun. ACM},
 issue_date = {Nov. 1995},
 volume = {38},
 number = {11},
 month = nov,
 year = {1995},
 issn = {0001-0782},
 pages = {39--41},
 numpages = {3},
 url = {http://doi.acm.org/10.1145/219717.219748},
 doi = {10.1145/219717.219748},
 acmid = {219748},
 publisher = {ACM},
 address = {New York, NY, USA},
}

@inproceedings{Wu1994,
 author = {Wu, Zhibiao and Palmer, Martha},
 title = {Verbs Semantics and Lexical Selection},
 booktitle = {Proceedings of the 32Nd Annual Meeting on Association for Computational Linguistics},
 series = {ACL '94},
 year = {1994},
 location = {Las Cruces, New Mexico},
 pages = {133--138},
 numpages = {6},
 url = {http://dx.doi.org/10.3115/981732.981751},
 doi = {10.3115/981732.981751},
 acmid = {981751},
 publisher = {Association for Computational Linguistics},
 address = {Stroudsburg, PA, USA},
} 

@inproceedings{MorenoIcpc2013, 
author={Moreno, L. and Aponte, J. and Sridhara, G. and Marcus, A. and Pollock, L. and Vijay-Shanker, K.}, 
booktitle={Proceedings of the International Conference on Program Comprehension (ICPC)}, 
title={Automatic generation of natural language summaries for Java classes}, 
year={2013}, 
month={May}, 
publisher = {IEEE},
pages={23--32}
}

@inproceedings{Hu:2004,
 author = {Hu, Minqing and Liu, Bing},
 title = {Mining and Summarizing Customer Reviews},
 booktitle = {Proceedings of the Tenth ACM SIGKDD International Conference on Knowledge Discovery and Data Mining},
 series = {KDD '04},
 year = {2004},
 pages = {168--177},
 numpages = {10},
 acmid = {1014073},
 publisher = {ACM}
} 

@inproceedings{Villarroel:2016, 
author={Villarroel, L. and Bavota, G. and Russo, B. and Oliveto, R. and {Di Penta}, M.},
booktitle={Proceedings of the International Conference on Software Engineering (ICSE)}, 
title={Release Planning of Mobile Apps Based on User Reviews}, 
year={2016}, 
publisher = {IEEE}
}

@inproceedings{Panichella:2016, 
author={Panichella, S. and Panichella, A. and Beller, M. and Zaidman, A. and Gall, H.C.},
booktitle={Proceedings of the International Conference on Software Engineering (ICSE)}, 
title={The Impact of Test Case Summaries on Bug Fixing Performance: An Empirical Investigation}, 
year={2016}, 
publisher = {IEEE}
}

@book{Baeza-Yates:1999,
 author = {Baeza-Yates, Ricardo A. and Ribeiro-Neto, Berthier},
 title = {Modern Information Retrieval},
 year = {1999},
 isbn = {020139829X},
 publisher = {Addison-Wesley Longman Publishing Co., Inc.},
 address = {Boston, MA, USA},
} 

@inproceedings{Sridhara:icpc2010,
 	author = {Sridhara, Giriprasad and Hill, Emily and Muppaneni, Divya and Pollock, Lori and Vijay-Shanker, K.},
 	title = {Towards Automatically Generating Summary Comments for Java Methods},
 	booktitle = {Proceedings of the International Conference on Automated Software Engineering (ASE)},
 	year = {2010},
 	pages = {43--52},
	 numpages = {10},
  	publisher = {ACM}
} 

@INPROCEEDINGS{PanichellaICSME2015, 
author={Panichella, S. and Di Sorbo, A. and Guzman, E. and Visaggio, C.A. and Canfora, G. and Gall, H.C.}, 
booktitle={Software Maintenance and Evolution (ICSME), 2015 IEEE International Conference on}, 
title={How can I improve my app? Classifying user reviews for software maintenance and evolution}, 
year={2015}, 
pages={281-290}, 
keywords={natural language processing;pattern classification;software maintenance;text analysis;app review classification;app stores;natural language processing;review comments;sentiment analysis;software evolution;software maintenance;star ratings;text analysis;user feedback identification;user review classification;Feature extraction;Maintenance engineering;Mobile communication;Natural language processing;Software maintenance;Taxonomy;Text analysis;Mobile Applications;Natural Language Processing;Sentiment Analysis;Text classification;User Reviews}, 
doi={10.1109/ICSM.2015.7332474}, 
month={Sept}}

@INPROCEEDINGS{HarmanMSR2012, 
  author={Harman, M. and Yue Jia and Yuanyuan Zhang}, 
  booktitle={Mining Software Repositories (MSR), 2012 9th IEEE Working Conference on}, 
  title={App store mining and analysis: MSR for app stores},  
  year={2012}, 
  pages={108-111}, 
  keywords={data mining;pricing;software development management;software    packages;Blackberry app store;app download;app store MSR;app store analysis;app store mining;business aspect;customer aspect;customer rating;customer review;data mining;feature information extraction;pricing;software repository mining;technical aspect;Business;Clustering algorithms;Correlation;Data mining;Feature extraction;Measurement;Software}, 
  doi={10.1109/MSR.2012.6224306}, 
  ISSN={2160-1852}, 
  month={June},
}

@inproceedings{panichellaICSME2014,
  added-at = {2015-06-10T00:00:00.000+0200},
  author = {Panichella, Sebastiano and Bavota, Gabriele and {Di Penta}, Massimiliano and Canfora, Gerardo and Antoniol, Giuliano},
  biburl = {http://www.bibsonomy.org/bibtex/290a83b801787fc12df0aee77e2d93357/dblp},
  booktitle = {Proceedings of 30th International Conference on Software Maintenance and Evolution (ICSME)},
  crossref = {conf/icsm/2014},
  ee = {http://doi.ieeecomputersociety.org/10.1109/ICSME.2014.47},
  interhash = {3599a8395705c3f58ee01e2d09f8a724},
  intrahash = {90a83b801787fc12df0aee77e2d93357},
  isbn = {978-0-7695-5303-0},
  keywords = {dblp},
  pages = {251-260},
  publisher = {IEEE Computer Society},
  timestamp = {2015-06-19T23:55:18.000+0200},
  title = {How Developers' Collaborations Identified from Different Sources Tell Us about Code Changes.},
  url = {http://dblp.uni-trier.de/db/conf/icsm/icsme2014.html#PanichellaBPCA14},
  year = 2014
}

@Inproceedings{manningACL2014,
  author    = {Manning, Christopher D. and  Surdeanu, Mihai  and  Bauer, John  and  Finkel, Jenny  and  Bethard, Steven J. and  McClosky, David},
  title     = {The {Stanford} {CoreNLP} Natural Language Processing Toolkit},
  booktitle = {Proceedings of 52nd Annual Meeting of the Association for Computational Linguistics: System Demonstrations},
  year      = {2014},
  pages     = {55--60},
  url       = {http://www.aclweb.org/anthology/P/P14/P14-5010}
}

@inproceedings{deMarneffeCOLING2008,
 author = {de Marneffe, Marie-Catherine and Manning, Christopher D.},
 title = {The Stanford Typed Dependencies Representation},
 booktitle = {Coling 2008: Proceedings of the Workshop on Cross-Framework and Cross-Domain Parser Evaluation},
 series = {CrossParser '08},
 year = {2008},
 isbn = {978-1-905593-50-7},
 location = {Manchester, United Kingdom},
 pages = {1--8},
 numpages = {8},
 url = {http://dl.acm.org/citation.cfm?id=1608858.1608859},
 acmid = {1608859},
 publisher = {Association for Computational Linguistics},
 address = {Stroudsburg, PA, USA},
}


@inproceedings{BegelICGSE2008,
  author    = {Andrew Begel and
               Nachiappan Nagappan},
  title     = {Global Software Development: Who Does It?},
  booktitle = {Proceedings of 3rd {IEEE} International Conference on Global Software Engineering,
               {ICGSE} 2008, Bangalore, India, 17-20 August, 2008},
  pages     = {195--199},
  year      = {2008},
  crossref  = {DBLP:conf/icgse/2008},
  url       = {http://dx.doi.org/10.1109/ICGSE.2008.17},
  doi       = {10.1109/ICGSE.2008.17},
  timestamp = {Tue, 05 Aug 2014 16:35:57 +0200},
  biburl    = {http://dblp.uni-trier.de/rec/bib/conf/icgse/BegelN08},
  bibsource = {dblp computer science bibliography, http://dblp.org}
}

@inproceedings{PanichellaICPC2014,
  author    = {Sebastiano Panichella and
               Gerardo Canfora and
               Massimiliano {Di Penta} and
               Rocco Oliveto},
  title     = {How the evolution of emerging collaborations relates to code changes:
               an empirical study},
  booktitle = {Proceedings of 22nd International Conference on Program Comprehension, {ICPC} 2014,
               Hyderabad, India, June 2-3, 2014},
  pages     = {177--188},
  year      = {2014},
  crossref  = {DBLP:conf/iwpc/2014},
  url       = {http://doi.acm.org/10.1145/2597008.2597145},
  doi       = {10.1145/2597008.2597145},
  timestamp = {Mon, 19 May 2014 08:41:29 +0200},
  biburl    = {http://dblp.uni-trier.de/rec/bib/conf/iwpc/PanichellaCPO14},
  bibsource = {dblp computer science bibliography, http://dblp.org}
}

@inproceedings{BacchelliICSE2012,
  author    = {Alberto Bacchelli and
               Tommaso {Dal Sasso} and
               Marco {D'Ambros} and
               Michele Lanza},
  title     = {Content classification of development emails},
  booktitle = {Proceedings of 34th International Conference on Software Engineering, {ICSE} 2012,
               June 2-9, 2012, Zurich, Switzerland},
  pages     = {375--385},
  year      = {2012},
  url       = {http://dx.doi.org/10.1109/ICSE.2012.6227177},
  doi       = {10.1109/ICSE.2012.6227177},
  timestamp = {Thu, 28 May 2015 17:23:21 +0200},
  biburl    = {http://dblp.uni-trier.de/rec/bib/conf/icse/BacchelliSDL12},
  bibsource = {dblp computer science bibliography, http://dblp.org}
}

@inproceedings{HerzigICSE2013,
  author    = {Kim Herzig and
               Sascha Just and
               Andreas Zeller},
  title     = {It's not a bug, it's a feature: how misclassification impacts bug
               prediction},
  booktitle = {Proceedings of 35th International Conference on Software Engineering, {ICSE} '13,
               San Francisco, CA, USA, May 18-26, 2013},
  pages     = {392--401},
  year      = {2013},
  crossref  = {DBLP:conf/icse/2013},
  url       = {http://dl.acm.org/citation.cfm?id=2486840},
  timestamp = {Tue, 21 May 2013 09:47:28 +0200},
  biburl    = {http://dblp.uni-trier.de/rec/bib/conf/icse/HerzigJZ13},
  bibsource = {dblp computer science bibliography, http://dblp.org}
}


@INPROCEEDINGS{LamCSCW2002,
    author = {Derek Lam and Steven L. Rohall and Chris Schmandt and Mia K. Stern},
    title = {Exploiting E-mail Structure to Improve Summarization},
    booktitle = {ACM Conference on Computer Supported Cooperative Work (CSCW), New Orleans, LA},
    year = {2002}
}

@inproceedings{RambowNAACL2004,
 author = {Rambow, Owen and Shrestha, Lokesh and Chen, John and Lauridsen, Chirsty},
 title = {Summarizing Email Threads},
 booktitle = {Proceedings of HLT-NAACL 2004: Short Papers},
 series = {HLT-NAACL-Short '04},
 year = {2004},
 isbn = {1-932432-24-8},
 location = {Boston, Massachusetts},
 pages = {105--108},
 numpages = {4},
 url = {http://dl.acm.org/citation.cfm?id=1613984.1614011},
 acmid = {1614011},
 publisher = {Association for Computational Linguistics},
 address = {Stroudsburg, PA, USA},
} 

@article{RastkarTSE2014,
  author    = {Sarah Rastkar and
               Gail C. Murphy and
               Gabriel Murray},
  title     = {Automatic Summarization of Bug Reports},
  journal   = {{IEEE} Trans. Software Eng.},
  volume    = {40},
  number    = {4},
  pages     = {366--380},
  year      = {2014},
  url       = {http://doi.ieeecomputersociety.org/10.1109/TSE.2013.2297712},
  doi       = {10.1109/TSE.2013.2297712},
  timestamp = {Thu, 08 May 2014 19:44:57 +0200},
  biburl    = {http://dblp.uni-trier.de/rec/bib/journals/tse/RastkarMM14},
  bibsource = {dblp computer science bibliography, http://dblp.org}
}

@inproceedings{RastkarICSE2010,
  author    = {Sarah Rastkar and
               Gail C. Murphy and
               Gabriel Murray},
  title     = {Summarizing software artifacts: a case study of bug reports},
  booktitle = {Proceedings of the 32nd {ACM/IEEE} International Conference on Software
               Engineering - Volume 1, {ICSE} 2010, Cape Town, South Africa, 1-8
               May 2010},
  pages     = {505--514},
  year      = {2010},
  crossref  = {DBLP:conf/icse/2010-1},
  url       = {http://doi.acm.org/10.1145/1806799.1806872},
  doi       = {10.1145/1806799.1806872},
  timestamp = {Sun, 06 Jun 2010 12:25:52 +0200},
  biburl    = {http://dblp.uni-trier.de/rec/bib/conf/icse/RastkarMM10},
  bibsource = {dblp computer science bibliography, http://dblp.org}
}

@incollection{Iacob2014,
year={2014},
isbn={978-3-319-05451-3},
booktitle={Mobile Computing, Applications, and Services},
volume={130},
series={Lecture Notes of the Institute for Computer Sciences, Social Informatics and Telecommunications Engineering},
editor={Memmi, Gérard and Blanke, Ulf},
doi={10.1007/978-3-319-05452-0_4},
title={Online Reviews as First Class Artifacts in Mobile App Development},
url={http://dx.doi.org/10.1007/978-3-319-05452-0_4},
publisher={Springer International Publishing},
keywords={Mobile apps engineering; app stores; online reviews},
author={Iacob, Claudia and Harrison, Rachel and Faily, Shamal},
pages={47-53},
language={English}
}

@INPROCEEDINGS{MaalejRE2015, 
author={Maalej, W. and Nabil, H.}, 
booktitle={Requirements Engineering Conference (RE), 2015 IEEE 23rd International}, 
title={Bug report, feature request, or simply praise? On automatically classifying app reviews}, 
year={2015}, 
pages={116-125}, 
keywords={data mining;natural language processing;pattern classification;probability;software reviews;string matching;text analysis;App stores;Apple AppStore;Google Play;app reviews classification;bug report;feature requests;multiclass classifiers;multiple binary classifiers;natural language processing;review analytics tool design;review metadata;sentiment analysis techniques;several probabilistic techniques;star rating;string matching;text classification;user experiences;Accuracy;Computer crashes;Google;Machine learning algorithms;Metadata;Natural language processing;Training}, 
doi={10.1109/RE.2015.7320414}, 
month={Aug},}

@inproceedings{IacobMSR2013,
 author = {Iacob, Claudia and Harrison, Rachel},
 title = {Retrieving and Analyzing Mobile Apps Feature Requests from Online Reviews},
 booktitle = {Proceedings of the 10th Working Conference on Mining Software Repositories},
 series = {MSR '13},
 year = {2013},
 isbn = {978-1-4673-2936-1},
 location = {San Francisco, CA, USA},
 pages = {41--44},
 numpages = {4},
 url = {http://dl.acm.org/citation.cfm?id=2487085.2487094},
 acmid = {2487094},
 publisher = {IEEE Press},
 address = {Piscataway, NJ, USA},
} 

@inproceedings{DiSorboASE2015,
  author    = {Andrea Di Sorbo and
               Sebastiano Panichella and
               Corrado Aaron Visaggio and
               Massimiliano Di Penta and
               Gerardo Canfora and
               Harald C. Gall},
  title     = {Development Emails Content Analyzer: Intention Mining in Developer
               Discussions {(T)}},
  booktitle = {30th {IEEE/ACM} International Conference on Automated Software Engineering,
               {ASE} 2015, Lincoln, NE, USA, November 9-13, 2015},
  pages     = {12--23},
  year      = {2015},
  url       = {http://dx.doi.org/10.1109/ASE.2015.12},
  doi       = {10.1109/ASE.2015.12},
  timestamp = {Wed, 13 Jan 2016 17:14:02 +0100},
  biburl    = {http://dblp.uni-trier.de/rec/bib/conf/kbse/SorboPVPCG15},
  bibsource = {dblp computer science bibliography, http://dblp.org}
}

@inproceedings{Gu2015,
  author    = {Xiaodong Gu and
               Sunghun Kim},
  title     = {What Parts of Your Apps are Loved by Users? {(T)}},
  booktitle = {30th {IEEE/ACM} International Conference on Automated Software Engineering,
               {ASE} 2015, Lincoln, NE, USA, November 9-13, 2015},
  pages     = {760--770},
  year      = {2015},
  url       = {http://dx.doi.org/10.1109/ASE.2015.57},
  doi       = {10.1109/ASE.2015.57},
  timestamp = {Wed, 13 Jan 2016 17:14:02 +0100},
  biburl    = {http://dblp.uni-trier.de/rec/bib/conf/kbse/GuK15},
  bibsource = {dblp computer science bibliography, http://dblp.org}
}

@inproceedings{Chandy2012,
 author = {Chandy, Rishi and Gu, Haijie},
 title = {Identifying Spam in the iOS App Store},
 booktitle = {Proceedings of the 2Nd Joint WICOW/AIRWeb Workshop on Web Quality},
 series = {WebQuality '12},
 year = {2012},
 isbn = {978-1-4503-1237-0},
 location = {Lyon, France},
 pages = {56--59},
 numpages = {4},
 url = {http://doi.acm.org/10.1145/2184305.2184317},
 doi = {10.1145/2184305.2184317},
 acmid = {2184317},
 publisher = {ACM},
 address = {New York, NY, USA},
 keywords = {fraud detection, mobile apps, opinion spam, review spam},
} 

@INPROCEEDINGS{Li:PIC2010,
  author={Huiying Li and Li Zhang and Lin Zhang and Jufang Shen},
  booktitle={Progress in Informatics and Computing (PIC), 2010 IEEE International Conference on},
  title={A user satisfaction analysis approach for software evolution},
  year={2010},
  volume={2},
  pages={1093-1097},
  keywords={software engineering;user interfaces;software evolution;software products;user comments;user satisfaction analysis;user satisfaction evaluation approach;Software Evolution;User Comments;User Satisfaction},
  doi={10.1109/PIC.2010.5687999},
  month={Dec},
}

@ARTICLE{BavotaSE15,
author={Bavota, G. and Linares-Vasquez, M. and Bernal-Cardenas, C.E. and Di Penta, M. and Oliveto, R. and Poshyvanyk, D.},
journal={Software Engineering, IEEE Transactions on},
title={The Impact of API Change- and Fault-Proneness on the User Ratings of Android Apps},
year={2015},
volume={41},
number={4},
pages={384-407},
keywords={application program interfaces;data mining;mobile computing;program debugging;software fault tolerance;system recovery;API change-proneness;API fault-proneness;Android Apps;information technology;mobile Apps market;software repository mining;user ratings;Androids;Computer bugs;Educational institutions;Electronic mail;History;Humanoid robots;Software;API changes;Android;Empirical Studies;Mining Software Repositories;Mining software repositories;android;empirical studies},
doi={10.1109/TSE.2014.2367027},
ISSN={0098-5589},
month={April},
}


BibTeX | EndNote | ACM Ref

@inproceedings{AntoniolCASCON08,
  author = {Antoniol, Giuliano and Ayari, Kamel and Di Penta, Massimiliano and Khomh, Foutse and Gu{\'e}h{\'e}neuc, Yann-Ga\"{e}l},
  title = {Is It a Bug or an Enhancement?: A Text-based Approach to Classify Change Requests},
  booktitle = {Proceedings of the 2008 Conference of the Center for Advanced Studies on Collaborative Research: Meeting of Minds},
  series = {CASCON '08},
  year = {2008},
  location = {Ontario, Canada},
  pages = {23:304--23:318},
  articleno = {23},
  numpages = {15},
  url = {http://doi.acm.org/10.1145/1463788.1463819},
  doi = {10.1145/1463788.1463819},
  acmid = {1463819},
  publisher = {ACM},
  address = {New York, NY, USA},
} 

@INPROCEEDINGS{KochharICECCS14,
  author={Kochhar, P.S. and Thung, F. and Lo, D.},
  booktitle={Engineering of Complex Computer Systems (ICECCS), 2014 19th International Conference on},
  title={Automatic Fine-Grained Issue Report Reclassification},
  year={2014},
  pages={126-135},
  keywords={program debugging;software maintenance;HTTP Client;Jackrabbit;Lucene-Java;Rhino;Tomcat 5;automatic fine-grained issue report reclassification;bug reports;issue tracking systems;software maintenance activities;Documentation;Feature extraction;Predictive models;Support vector machines;Training;Vectors;Vegetation;Fine-Grained;Issue Reports;Reclassification},
  doi={10.1109/ICECCS.2014.25},
  month={Aug},
}

@inproceedings{ZhouICSME2014,
  author = {Zhou, Yu and Tong, Yanxiang and Gu, Ruihang and Gall, Harald},
  title = {Combining Text Mining and Data Mining for Bug Report Classification},
  booktitle = {Proceedings of the 2014 IEEE International Conference on Software Maintenance and Evolution},
  series = {ICSME '14},
  year = {2014},
  isbn = {978-1-4799-6146-7},
  pages = {311--320},
  numpages = {10},
  url = {http://dx.doi.org/10.1109/ICSME.2014.53},
  doi = {10.1109/ICSME.2014.53},
  acmid = {2706110},
  publisher = {IEEE Computer Society},
  address = {Washington, DC, USA},
} 


@article{RobillardESE2015,
  author = {Robillard, Martin P. and Chhetri, Yam B.},
  title = {Recommending Reference API Documentation},
  journal = {Empirical Softw. Engg.},
  issue_date = {December  2015},
  volume = {20},
  number = {6},
  month = dec,
  year = {2015},
  issn = {1382-3256},
  pages = {1558--1586},
  numpages = {29},
  url = {http://dx.doi.org/10.1007/s10664-014-9323-y},
  doi = {10.1007/s10664-014-9323-y},
  acmid = {2837381},
  publisher = {Kluwer Academic Publishers},
  address = {Hingham, MA, USA},
  keywords = {API documentation, Application programming interfaces, Natural language processing, Recommendation systems, Text classification},
} 

@inproceedings{PangEMNLP02,
  author = {Pang, Bo and Lee, Lillian and Vaithyanathan, Shivakumar},
  title = {Thumbs Up?: Sentiment Classification Using Machine Learning Techniques},
  booktitle = {Proceedings of the ACL-02 Conference on Empirical Methods in Natural Language Processing - Volume 10},
  series = {EMNLP '02},
  year = {2002},
  pages = {79--86},
  numpages = {8},
  url = {http://dx.doi.org/10.3115/1118693.1118704},
  doi = {10.3115/1118693.1118704},
  acmid = {1118704},
  publisher = {Association for Computational Linguistics},
  address = {Stroudsburg, PA, USA},
} 

@INPROCEEDINGS{Sarro:2015, 
author={Sarro, F. and Al-Subaihin, A.A. and Harman, M. and Yue Jia and Martin, W. and Yuanyuan Zhang}, 
booktitle={Requirements Engineering Conference (RE), 2015 IEEE 23rd International}, 
title={Feature lifecycles as they spread, migrate, remain, and die in App Stores}, 
year={2015}, 
pages={76-85}
}

@inproceedings{PanditaICSE12,
  author = {Pandita, Rahul and Xiao, Xusheng and Zhong, Hao and Xie, Tao and Oney, Stephen and Paradkar, Amit},
  title = {Inferring Method Specifications from Natural Language API Descriptions},
  booktitle = {Proceedings of the 34th International Conference on Software Engineering},
  series = {ICSE '12},
  year = {2012},
  isbn = {978-1-4673-1067-3},
  location = {Zurich, Switzerland},
  pages = {815--825},
  numpages = {11},
  url = {http://dl.acm.org/citation.cfm?id=2337223.2337319},
  acmid = {2337319},
  publisher = {IEEE Press},
  address = {Piscataway, NJ, USA},
} 

@INPROCEEDINGS{SharmaSANER15,
  author={Sharma, A. and Yuan Tian and Lo, D.},
  booktitle={Software Analysis, Evolution and Reengineering (SANER), 2015 IEEE 22nd International Conference on},
  title={NIRMAL: Automatic identification of software relevant tweets leveraging language model},
  year={2015},
  pages={449-458},
  keywords={information filtering;natural language processing;question answering (information retrieval);social networking (online);statistical analysis;NIRMAL framework;StackOverflow;Twitter adoption barrier;Twitter streams;accuracy scores;automatic software relevant tweet identification;information overload;irrelevant tweet filtering;language model learning;language model leveraging;programming question-and-answer site;short-character message sharing;short-character message view;social media platforms;statistical model;training corpus;tweet analysis;tweet collection;tweet sorting;tweet stream;user generated content generation;Computational modeling;Market research;Mathematical model;Software;Support vector machines;Training;Twitter},
  doi={10.1109/SANER.2015.7081855},
month={March},
}

@INPROCEEDINGS{PanichellaICPC12,
  author={Panichella, S. and Aponte, J. and Di Penta, M. and Marcus, A. and Canfora, G.},
  booktitle={Program Comprehension (ICPC), 2012 IEEE 20th International Conference on},
  title={Mining source code descriptions from developer communications},
  year={2012},
  pages={63-72},
  keywords={data mining;program compilers;program debugging;source coding;bug reports;bug tracking systems;code descriptions;developer communications;emails;external artifacts;information source;mailing lists;mining source code descriptions;open source systems;source code redocumentation;Context;Data mining;Educational institutions;Electronic mail;Filtering;Java;Syntactics;Code re-documentation;mining e-mails;program comprehension},
  doi={10.1109/ICPC.2012.6240510},
  ISSN={1092-8138},
  month={June},
}

@inproceedings{VassalloICPC14,
  author = {Vassallo, Carmine and Panichella, Sebastiano and Di Penta, Massimiliano and Canfora, Gerardo},
  title = {CODES: Mining Source Code Descriptions from Developers Discussions},
  booktitle = {Proceedings of the 22Nd International Conference on Program Comprehension},
  series = {ICPC 2014},
  year = {2014},
  isbn = {978-1-4503-2879-1},
  location = {Hyderabad, India},
  pages = {106--109},
  numpages = {4},
  url = {http://doi.acm.org/10.1145/2597008.2597799},
  doi = {10.1145/2597008.2597799},
  acmid = {2597799},
  publisher = {ACM},
  address = {New York, NY, USA},
  keywords = {Code re-documentation, Mining developer discussions, Program comprehension},
} 

@inproceedings{SeyffMOBILESoft14,
  author = {Seyff, Norbert and Ollmann, Gregor and Bortenschlager, Manfred},
  title = {AppEcho: A User-driven, in Situ Feedback Approach for Mobile Platforms and Applications},
  booktitle = {Proceedings of the 1st International Conference on Mobile Software Engineering and Systems},
  series = {MOBILESoft 2014},
  year = {2014},
  isbn = {978-1-4503-2878-4},
  location = {Hyderabad, India},
  pages = {99--108},
  numpages = {10},
  url = {http://doi.acm.org/10.1145/2593902.2593927},
  doi = {10.1145/2593902.2593927},
  acmid = {2593927},
  publisher = {ACM},
  address = {New York, NY, USA},
  keywords = {feedback gathering, mobile platform improvement, user experience, user involvement},
} 